%Bibliography

@misc{fluxx, title={Fluxx}, 
author={Andrew Looney, Kristin Looney},
publisher={Looney Labs},
location={College Park, Maryland},
year={2014},
edition={5.0},
annotation={This is a printed table-top game. Beacause of that it's unclear how to cite it in prl format.},
url={https://www.looneylabs.com/games/fluxx}, journal={Fluxx | Looney Labs}}

@misc{boardgamegeek, title={Fluxx-Board Game Geek}, url={https://boardgamegeek.com/boardgame/258/fluxx}, journal={BoardGameGeek}, publisher={Board Game Geek Co.}}

@misc{numba,
 author = {Lam, Siu Kwan and Pitrou, Antoine and Seibert, Stanley},
 title = {Numba: A LLVM-based Python JIT Compiler},
 booktitle = {Proceedings of the Second Workshop on the LLVM Compiler Infrastructure in HPC},
 series = {LLVM '15},
 year = {2015},
 isbn = {978-1-4503-4005-2},
 location = {Austin, Texas},
 pages = {7:1--7:6},
 articleno = {7},
 numpages = {6},
 url = {http://doi.acm.org/10.1145/2833157.2833162},
 doi = {10.1145/2833157.2833162},
 acmid = {2833162},
 publisher = {ACM},
 address = {New York, NY, USA},
 keywords = {LLVM, Python, compiler},
} 

@misc{python,
 title= {Python tutorial},
 author = {G. van Rossum},
 number={CS-R9526},
 institution= {Centrum voor Wiskunde en Informatica (CWI)},
 year= {1995},
 address={Amsterdam},
 month={May}
}